@inproceedings{johnson2016malmo,
  title={The Malmo Platform for Artificial Intelligence Experimentation},
  author={Johnson, Matthew and Hofmann, Katja and Hutton, Tim and Bignell, David},
  booktitle={Ijcai},
  pages={4246--4247},
  year={2016}
}

@misc{UPF,
  title={Unified Planning Framework},
  url={https://github.com/aiplan4eu/unified-planning},
  publisher={GitHub},
  journal={GitHub repository},
  year={2023}
}

@article{guss2021minerl,
  title={The minerl 2020 competition on sample efficient reinforcement learning using human priors},
  author={Guss, William H and Castro, Mario Ynocente and Devlin, Sam and Houghton, Brandon and Kuno, Noboru Sean and Loomis, Crissman and Milani, Stephanie and Mohanty, Sharada and Nakata, Keisuke and Salakhutdinov, Ruslan and others},
  journal={arXiv preprint arXiv:2101.11071},
  year={2021}
}


@article{hafner2021benchmarking,
  title={Benchmarking the spectrum of agent capabilities},
  author={Hafner, Danijar},
  journal={arXiv preprint arXiv:2109.06780},
  year={2021}
}


@article{sutton1999between,
  title={Between MDPs and semi-MDPs: A framework for temporal abstraction in reinforcement learning},
  author={Sutton, Richard S and Precup, Doina and Singh, Satinder},
  journal={Artificial intelligence},
  volume={112},
  number={1-2},
  pages={181--211},
  year={1999},
  publisher={Elsevier}
}

@software{minigrid,
  author = {Chevalier-Boisvert, Maxime and Willems, Lucas and Pal, Suman},
  title = {Minimalistic Gridworld Environment for Gymnasium},
  url = {https://github.com/Farama-Foundation/Minigrid},
  year = {2018},
}

@article{machado2018revisiting,
  title={Revisiting the arcade learning environment: Evaluation protocols and open problems for general agents},
  author={Machado, Marlos C and Bellemare, Marc G and Talvitie, Erik and Veness, Joel and Hausknecht, Matthew and Bowling, Michael},
  journal={Journal of Artificial Intelligence Research},
  volume={61},
  pages={523--562},
  year={2018}
}

@article{kuttler2020nethack,
  title={The nethack learning environment},
  author={K{\"u}ttler, Heinrich and Nardelli, Nantas and Miller, Alexander and Raileanu, Roberta and Selvatici, Marco and Grefenstette, Edward and Rockt{\"a}schel, Tim},
  journal={Advances in Neural Information Processing Systems},
  volume={33},
  pages={7671--7684},
  year={2020}
}

@article{milani2020minerl,
  title={The minerl competition on sample-efficient reinforcement learning using human priors: A retrospective},
  author={Milani, Stephanie and Topin, Nicholay and Houghton, Brandon and Guss, William H and Mohanty, Sharada P and Vinyals, Oriol and Kuno, Noboru Sean},
  journal={J Mach Learn Res},
  volume={1},
  pages={1--10},
  year={2020}
}

@article{dreamerv3,
  title={Mastering Diverse Domains through World Models},
  author={Hafner, Danijar and Pasukonis, Jurgis and Ba, Jimmy and Lillicrap, Timothy},
  journal={arXiv preprint arXiv:2301.04104},
  year={2023}
}

@inproceedings{procgen,
  title={Leveraging procedural generation to benchmark reinforcement learning},
  author={Cobbe, Karl and Hesse, Chris and Hilton, Jacob and Schulman, John},
  booktitle={International conference on machine learning},
  pages={2048--2056},
  year={2020},
  organization={PMLR}
}

@article{ALE,
  title={The arcade learning environment: An evaluation platform for general agents},
  author={Bellemare, Marc G and Naddaf, Yavar and Veness, Joel and Bowling, Michael},
  journal={Journal of Artificial Intelligence Research},
  volume={47},
  pages={253--279},
  year={2013}
}
@article{deepmindlab,
  title={Deepmind lab},
  author={Beattie, Charles and Leibo, Joel Z and Teplyashin, Denis and Ward, Tom and Wainwright, Marcus and K{\"u}ttler, Heinrich and Lefrancq, Andrew and Green, Simon and Vald{\'e}s, V{\'\i}ctor and Sadik, Amir and others},
  journal={arXiv preprint arXiv:1612.03801},
  year={2016}
}

@article{openai,
  title={Openai gym},
  author={Brockman, Greg and Cheung, Vicki and Pettersson, Ludwig and Schneider, Jonas and Schulman, John and Tang, Jie and Zaremba, Wojciech},
  journal={arXiv preprint arXiv:1606.01540},
  year={2016}
}

@article{pddlgym,
  title={PDDLGym: Gym environments from PDDL problems},
  author={Silver, Tom and Chitnis, Rohan},
  journal={arXiv preprint arXiv:2002.06432},
  year={2020}
}

@article{pddl,
  title={Pddl| the planning domain definition language},
  author={Aeronautiques, Constructions and Howe, Adele and Knoblock, Craig and McDermott, ISI Drew and Ram, Ashwin and Veloso, Manuela and Weld, Daniel and SRI, David Wilkins and Barrett, Anthony and Christianson, Dave and others},
  journal={Technical Report, Tech. Rep.},
  year={1998}
}

@incollection{ENSHP,
  title={Interval-based relaxation for general numeric planning},
  author={Scala, Enrico and Haslum, Patrik and Thi{\'e}baux, Sylvie and Ramirez, Miquel},
  booktitle={ECAI 2016},
  pages={655--663},
  year={2016},
  publisher={IOS Press}
}
@article{stable-baselines3,
  author  = {Antonin Raffin and Ashley Hill and Adam Gleave and Anssi Kanervisto and Maximilian Ernestus and Noah Dormann},
  title   = {Stable-Baselines3: Reliable Reinforcement Learning Implementations},
  journal = {Journal of Machine Learning Research},
  year    = {2021},
  volume  = {22},
  number  = {268},
  pages   = {1-8},
  url     = {http://jmlr.org/papers/v22/20-1364.html}
}
